@ARTICLE{anthes2011,
  author = {Gary Anthes},
  title = {{The Quest for Randomness}},
  journal = {{CACM}},
  year = {2011},
  volume = {54},
  pages = {13-15},
  number = {4},
  file = {anthes2011.pdf:anthes2011.pdf:PDF},
  keywords = {random number generation},
  timestamp = {2011.04.30}
}

@ARTICLE{mauer,
  author = {{Ueli M. Mauer}},
  title = {{A universal statistical test for random bit generators}},
  journal = {{Journal of Cryptography}},
  year = {{1992}},
  volume = {5},
  pages = {89-105},
  timestamp = {2011.12.13}
}

@ARTICLE{netscape,
  author = "Ian Goldberg and David Wagner",
  title = {{Randomness and the Netscape Browser}},
  journal = {{Dr. Dobbs Journal}},
  year = "1996",
  volume = {{21}},
  pages = {66-106},
  timestamp = "2011.12.05"
}


@ARTICLE{airturb,
  author = {{Don Davis, Ross Ihaka, Philip Fenstermacher}},
  title = {{Cryptographic Randomness from Air Turbulence in Disk Drives}},
  year = "1994",
  journal = {{Advances in Cryptography}},
  volume = {{839}},
  pages = {114-120},
  timestamp = "2011.10.02"
}


@misc{nist,
  author = "Juan Soto, National Institute of Standards \& Technology",
  title = "Statistical Testing of Random Number Generators",
  year = "1999",
  timestamp = "2011.10.02"
}

@misc{intel,
   author = "Benjamin Juan and Paul Kocher",
   title = {{The Intel Random Number Generator}},
   year = "1999",
   timestamp = "2011.10.02"
}

@misc{atmegads,
   author = "ATMEL",
   title = {{8-bit Atmel microcontroller with 4/8/16/32K Bytes In-System Programmable Flash, Datasheet}},
   year = "2011",
   timestamp = "2011.10.02"
}

@misc{maurer1998,
   author = "Ueli M. Maurer",
   title = "A Universal Statistical Test for Random Bit Generators",
   year = "1998",
   timestamp = "2011.10.03"
}

% Zalewski
% FIPS-140-1

@misc{fips140,
   author = {{National Institute of Standards and Technology}},
   title = {{FIPS PUB 140-1: Security Requierments for Cryptography Modules}},
   year = "1994",
   timestamp = "2011.12.06"
}

@article{lrng,
  author = {{Zvi Gutterman, Benny Pinkas, Tzachy Reinman}},
  title = {{Analysis of the Linux Random Number Generator}},
  journal = {{Security and Privacy}},
  pages = {385-400},
  year = "2006",
  timestamp = "2011.12.05"
}

@misc{tsense, 
  author = {{Rúnarsson, Kristinsson \& Jónsson}},
  title = {{TSense: Trusted Sensors and Supported Infrastructure}},
  year = "2010",
  timestamp = "2011.12.08"
}


@misc{ardref,
  author = "Arduino.cc",
  title = {{Arduino Reference Manual}},
  year = "2011",
  timestamp = "2011.12.05"
}

@BOOK{menezes1996,
  title = {Handbook of Applied Cryptography},
  publisher = {CRC Press},
  year = {1996},
  author = {Alfred J. Menezes and Paul C. van Oorschot and Scott A. Vanstone},
  owner = {kristjan},
  timestamp = {2010.09.02}
}

@BOOK{schneier1996,
  title = {Applied Cryptography},
  year = {1996},
  author = {Bruce Schneier},
  edition = "second edition",
  owner = {kristjan},
  publisher = {John wiley \& Sons},
  timestamp = {2010.09.20}
}

